<?xml version="1.0" encoding="UTF-8"?><collection xmlns="http://www.loc.gov/MARC21/slim"><record><leader>00552nam--2200169-u-4500</leader><controlfield tag="001">000054810</controlfield><controlfield tag="002">20161230</controlfield><controlfield tag="005">20161230201051</controlfield><controlfield tag="008">120614s1000------------r-----000-0-eng-d</controlfield><datafield ind1=" " ind2=" " tag="040"><subfield code="a">IFIN-HH</subfield></datafield><datafield ind1=" " ind2=" " tag="080"><subfield code="a">539.171.17</subfield></datafield><datafield ind1="1" ind2=" " tag="100"><subfield code="a">Schwinger,Julian</subfield></datafield><datafield ind1="1" ind2="0" tag="245"><subfield code="a">Deep inelastic scattering of leptons part ii (electrodynamics / strong interactions / high energy / polarization / photo cross sections)</subfield><subfield code="c">Julian schwinger</subfield></datafield><datafield ind1=" " ind2=" " tag="260"><subfield code="a">Lis Angeles</subfield><subfield code="b">University Of California</subfield><subfield code="c">1975</subfield></datafield><datafield ind1=" " ind2=" " tag="300"><subfield code="a">13P</subfield></datafield><datafield ind1=" " ind2=" " tag="852"><subfield code="a">43756</subfield><subfield code="c">539.17</subfield></datafield><datafield ind1=" " ind2=" " tag="CAT"><subfield code="a">Sys</subfield><subfield code="c">20120614</subfield><subfield code="h">172422</subfield></datafield></record></collection>